
@article{test_cite1,
author = { Khadka, S. and Daniel,  R.  },
title = {First paper publication},
journal = {The journal of small papers},
year = 2013,
}


